<record><leader>00000cas a22000007a 4500</leader><controlfield tag="001">14267370</controlfield><controlfield tag="008">860926d19681971txuwr ne      0    0eng d</controlfield><datafield ind1=" " ind2=" " tag="010"><subfield code="a">sn 86088974 </subfield></datafield><datafield ind1=" " ind2=" " tag="040"><subfield code="a">PPM</subfield><subfield code="b">eng</subfield><subfield code="c">PPM</subfield><subfield code="d">OCLCQ</subfield></datafield><datafield ind1=" " ind2=" " tag="042"><subfield code="a">msc</subfield></datafield><datafield ind1="0" ind2="0" tag="245"><subfield code="a">Swisher County news.</subfield></datafield><datafield ind1=" " ind2=" " tag="260"><subfield code="a">Happy, Tex. :</subfield><subfield code="b">Vicky Sexton</subfield></datafield><datafield ind1=" " ind2=" " tag="300"><subfield code="a">v. :</subfield><subfield code="b">ill. ;</subfield><subfield code="c">41 cm.</subfield></datafield><datafield ind1=" " ind2=" " tag="310"><subfield code="a">Weekly</subfield></datafield><datafield ind1="0" ind2=" " tag="362"><subfield code="a">Vol. 1, no. 1 (Feb. 8, 1968)-</subfield></datafield><datafield ind1="1" ind2=" " tag="362"><subfield code="a">Ceased in 1971.</subfield></datafield><datafield ind1=" " ind2=" " tag="752"><subfield code="a">United States</subfield><subfield code="b">Texas</subfield><subfield code="c">Swisher</subfield><subfield code="d">Happy.</subfield></datafield><datafield ind1="0" ind2="0" tag="785"><subfield code="t">Happy weekly news</subfield><subfield code="w">(DLC)sn 88084184</subfield></datafield></record>